@article{hoge09,
    author  = "ほげ山太郎 and ほげ山次郎",
    yomi    = "ほげやまたろう",
    title   = "ほげほげ理論のHCI分野への応用",
    journal = "ほげほげ学会論文誌",
    volume  = "31",
    number  = "3",
    pages   = "194-201",
    year    = "2009",
}
@inproceedings{hoge08,
    author     = "Taro Hogeyama and Jiro Hogeyama",
    title      = "The Theory of Hoge",
    booktitle  = "The Proceedings of The Hoge Society",
    year       = "2008"
}
@misc{kurokobo10,
    author       = "@kurokobo",
    howpublished = "{http://wiki.kurokobo.com/index.php?LaTeX}"
}

// http://www.ntt.co.jp/journal/0610/files/jn200610036.pdf
@article{ntt-jgn-4k,
    title        = "{JGNⅡを利用した６Gbit/s４K非圧縮映像のIPストリーム伝送およびOXCによるストリーム切替実験}",
    journal      = "NTT技術ジャーナル",
    author       = "NTT未来ねっと研究所",
    pages        = "36-39",
    year         = "2006",
    month        = "10"
}

@misc{kodera-interbee2015,
    title        = "{【小寺信良の週刊 Electric Zooma!】第733回:裏方の大革命、4K放送に向け、“IP伝送”の道筋が見えてきた「InterBEE 2015」 - AV Watch}",
    author       = "小寺信良",
    howpublished = "{http://av.watch.impress.co.jp/docs/series/zooma/732055.html}"
}

@misc{kodera-interbee2016,
    title        = "{【小寺信良の週刊 Electric Zooma!】コンテンツのHDR化、IP伝送による作り手側の混乱。InterBEEで見た理想と現実 - AV Watch}",
    author       = "小寺信良",
    howpublished = "{http://av.watch.impress.co.jp/docs/series/zooma/1033618.html}"
}
